{
  "leader": "03013cam a2200505 a 4500",
  "fields": [
    {
      "001": "ocm63178812\\"
    },
    {
      "003": "OCoLC"
    },
    {
      "005": "20220105113538.0"
    },
    {
      "008": "060120s2006\\\\\\\\ilu\\\\\\\\\\\\b\\\\\\\\001\\0deng\\\\"
    },
    {
      "010": {
        "ind1": "\\",
        "ind2": "\\",
        "subfields": [
          {
            "a": "  2006001576"
          }
        ]
      }
    },
    {
      "040": {
        "ind1": "\\",
        "ind2": "\\",
        "subfields": [
          {
            "a": "DLC"
          },
          {
            "b": "eng"
          },
          {
            "c": "DLC"
          },
          {
            "d": "BAKER"
          },
          {
            "d": "UKM"
          },
          {
            "d": "C#P"
          },
          {
            "d": "IXA"
          },
          {
            "d": "YDXCP"
          },
          {
            "d": "MBB"
          },
          {
            "d": "BTCTA"
          },
          {
            "d": "NLGGC"
          },
          {
            "d": "OCLCQ"
          },
          {
            "d": "TBS"
          },
          {
            "d": "HEBIS"
          },
          {
            "d": "OCLCQ"
          },
          {
            "d": "ILU"
          },
          {
            "d": "BDX"
          },
          {
            "d": "OCLCF"
          },
          {
            "d": "OCLCQ"
          },
          {
            "d": "OCL"
          },
          {
            "d": "S3O"
          },
          {
            "d": "OCL"
          },
          {
            "d": "OCLCQ"
          },
          {
            "d": "OCLCO"
          },
          {
            "d": "OCLCA"
          },
          {
            "d": "NJR"
          },
          {
            "d": "OCLCA"
          },
          {
            "d": "XBE"
          },
          {
            "d": "OCLCQ"
          },
          {
            "d": "OCLCO"
          },
          {
            "d": "UKMGB"
          },
          {
            "d": "OCLCA"
          },
          {
            "d": "UKNRU"
          }
        ]
      }
    },
    {
      "016": {
        "ind1": "7",
        "ind2": "\\",
        "subfields": [
          {
            "a": "013504909"
          },
          {
            "2": "Uk"
          }
        ]
      }
    },
    {
      "020": {
        "ind1": "\\",
        "ind2": "\\",
        "subfields": [
          {
            "a": "0875803628"
          },
          {
            "q": "(clothbound ;"
          },
          {
            "q": "alk. paper)"
          }
        ]
      }
    },
    {
      "020": {
        "ind1": "\\",
        "ind2": "\\",
        "subfields": [
          {
            "a": "9780875803623"
          },
          {
            "q": "(clothbound ;"
          },
          {
            "q": "alk. paper)"
          }
        ]
      }
    },
    {
      "024": {
        "ind1": "3",
        "ind2": "\\",
        "subfields": [
          {
            "a": "9780875803623"
          }
        ]
      }
    },
    {
      "035": {
        "ind1": "\\",
        "ind2": "\\",
        "subfields": [
          {
            "a": "(OCoLC)63178812"
          }
        ]
      }
    },
    {
      "043": {
        "ind1": "\\",
        "ind2": "\\",
        "subfields": [
          {
            "a": "n-us---"
          }
        ]
      }
    },
    {
      "050": {
        "ind1": "0",
        "ind2": "0",
        "subfields": [
          {
            "a": "E836"
          },
          {
            "b": ".W34 2006"
          }
        ]
      }
    },
    {
      "082": {
        "ind1": "0",
        "ind2": "4",
        "subfields": [
          {
            "a": "973.921092"
          },
          {
            "b": "WAG"
          }
        ]
      }
    },
    {
      "100": {
        "ind1": "1",
        "ind2": "\\",
        "subfields": [
          {
            "a": "Wagner, Steven"
          },
          {
            "q": "(Steven T.)"
          }
        ]
      }
    },
    {
      "245": {
        "ind1": "1",
        "ind2": "0",
        "subfields": [
          {
            "a": "Eisenhower Republicanism :"
          },
          {
            "b": "pursuing the middle way /"
          },
          {
            "c": "Steven Wagner."
          }
        ]
      }
    },
    {
      "260": {
        "ind1": "\\",
        "ind2": "\\",
        "subfields": [
          {
            "a": "DeKalb :"
          },
          {
            "b": "Northern Illinois University Press,"
          },
          {
            "c": "\u00a92006."
          }
        ]
      }
    },
    {
      "300": {
        "ind1": "\\",
        "ind2": "\\",
        "subfields": [
          {
            "a": "x, 179 pages ;"
          },
          {
            "c": "24 cm"
          }
        ]
      }
    },
    {
      "336": {
        "ind1": "\\",
        "ind2": "\\",
        "subfields": [
          {
            "a": "text"
          },
          {
            "b": "txt"
          },
          {
            "2": "rdacontent"
          }
        ]
      }
    },
    {
      "337": {
        "ind1": "\\",
        "ind2": "\\",
        "subfields": [
          {
            "a": "unmediated"
          },
          {
            "b": "n"
          },
          {
            "2": "rdamedia"
          }
        ]
      }
    },
    {
      "338": {
        "ind1": "\\",
        "ind2": "\\",
        "subfields": [
          {
            "a": "volume"
          },
          {
            "b": "nc"
          },
          {
            "2": "rdacarrier"
          }
        ]
      }
    },
    {
      "504": {
        "ind1": "\\",
        "ind2": "\\",
        "subfields": [
          {
            "a": "Includes bibliographical references (pages 171-174) and index."
          }
        ]
      }
    },
    {
      "505": {
        "ind1": "0",
        "ind2": "\\",
        "subfields": [
          {
            "a": "A floor over the pit of personal disaster -- Giving labor an equal voice -- A program for all farmers and for all America -- Civil rights, states' rights, and federal responsibilities -- Republican internationalism -- The politics of modern Republicanism -- An echo or a choice?"
          }
        ]
      }
    },
    {
      "520": {
        "ind1": "1",
        "ind2": "\\",
        "subfields": [
          {
            "a": "\"Dwight D. Eisenhower's election to the presidency in 1952 brought an end to two decades of Democratic rule in the White House. His landslide victory, however, masked intense factionalism within the Republican Party. Political historian Steven Wagner demonstrates that Eisenhower sought a \"middle way\" between Democrats to his left and conservatives to his right.\"--Jacket."
          }
        ]
      }
    },
    {
      "600": {
        "ind1": "1",
        "ind2": "0",
        "subfields": [
          {
            "a": "Eisenhower, Dwight D."
          },
          {
            "q": "(Dwight David),"
          },
          {
            "d": "1890-1969"
          },
          {
            "x": "Political and social views."
          }
        ]
      }
    },
    {
      "610": {
        "ind1": "2",
        "ind2": "0",
        "subfields": [
          {
            "a": "Republican Party (U.S. : 1854- )"
          },
          {
            "x": "History"
          },
          {
            "y": "20th century."
          }
        ]
      }
    },
    {
      "600": {
        "ind1": "1",
        "ind2": "7",
        "subfields": [
          {
            "a": "Eisenhower, Dwight D."
          },
          {
            "q": "(Dwight David),"
          },
          {
            "d": "1890-1969."
          },
          {
            "2": "fast"
          },
          {
            "0": "(OCoLC)fst00037714"
          }
        ]
      }
    },
    {
      "610": {
        "ind1": "2",
        "ind2": "7",
        "subfields": [
          {
            "a": "Republican Party (U.S. : 1854- )"
          },
          {
            "2": "fast"
          },
          {
            "0": "(OCoLC)fst00544975"
          }
        ]
      }
    },
    {
      "651": {
        "ind1": "\\",
        "ind2": "0",
        "subfields": [
          {
            "a": "United States"
          },
          {
            "x": "Politics and government"
          },
          {
            "y": "1953-1961."
          }
        ]
      }
    },
    {
      "650": {
        "ind1": "\\",
        "ind2": "7",
        "subfields": [
          {
            "a": "Political and social views."
          },
          {
            "2": "fast"
          },
          {
            "0": "(OCoLC)fst01353986"
          }
        ]
      }
    },
    {
      "650": {
        "ind1": "\\",
        "ind2": "7",
        "subfields": [
          {
            "a": "Politics and government"
          },
          {
            "2": "fast"
          },
          {
            "0": "(OCoLC)fst01919741"
          }
        ]
      }
    },
    {
      "651": {
        "ind1": "\\",
        "ind2": "7",
        "subfields": [
          {
            "a": "United States."
          },
          {
            "2": "fast"
          },
          {
            "0": "(OCoLC)fst01204155"
          }
        ]
      }
    },
    {
      "648": {
        "ind1": "\\",
        "ind2": "7",
        "subfields": [
          {
            "a": "1900-1999"
          },
          {
            "2": "fast"
          }
        ]
      }
    },
    {
      "655": {
        "ind1": "\\",
        "ind2": "7",
        "subfields": [
          {
            "a": "History."
          },
          {
            "2": "fast"
          },
          {
            "0": "(OCoLC)fst01411628"
          }
        ]
      }
    },
    {
      "776": {
        "ind1": "0",
        "ind2": "8",
        "subfields": [
          {
            "i": "Online version:"
          },
          {
            "a": "Wagner, Steven (Steven T.)."
          },
          {
            "t": "Eisenhower Republicanism."
          },
          {
            "d": "DeKalb : Northern Illinois University Press, \u00a92006"
          },
          {
            "w": "(OCoLC)607766442"
          }
        ]
      }
    },
    {
      "776": {
        "ind1": "0",
        "ind2": "8",
        "subfields": [
          {
            "i": "Online version:"
          },
          {
            "a": "Wagner, Steven (Steven T.)."
          },
          {
            "t": "Eisenhower Republicanism."
          },
          {
            "d": "DeKalb : Northern Illinois University Press, \u00a92006"
          },
          {
            "w": "(OCoLC)632059066"
          }
        ]
      }
    },
    {
      "856": {
        "ind1": "4",
        "ind2": "1",
        "subfields": [
          {
            "3": "Table of contents"
          },
          {
            "u": "http://catdir.loc.gov/catdir/toc/ecip067/2006001576.html"
          }
        ]
      }
    },
    {
      "994": {
        "ind1": "\\",
        "ind2": "\\",
        "subfields": [
          {
            "a": "Z0"
          },
          {
            "b": "NYRVC"
          }
        ]
      }
    },
    {
      "948": {
        "ind1": "\\",
        "ind2": "\\",
        "subfields": [
          {
            "h": "NO HOLDINGS IN NYRVC - 392 OTHER HOLDINGS"
          }
        ]
      }
    },
    {
      "999": {
        "ind1": "\\",
        "ind2": "\\",
        "subfields": [
          {
            "a": "00000000014387"
          }
        ]
      }
    }
  ]
}